<?xml version="1.0" encoding="UTF-8"?><collection xmlns="http://www.loc.gov/MARC21/slim"><record><leader>00531nam--2200169-i-4500</leader><controlfield tag="001">000005207</controlfield><controlfield tag="002">20161230</controlfield><controlfield tag="005">20161230201026</controlfield><controlfield tag="008">060222s1000------------r-----000-0-eng-d</controlfield><datafield ind1=" " ind2=" " tag="040"><subfield code="a">IFIN-HH</subfield></datafield><datafield ind1=" " ind2=" " tag="080"><subfield code="a">537.226.33</subfield></datafield><datafield ind1="1" ind2=" " tag="100"><subfield code="a">Smith, Robert Travis</subfield></datafield><datafield ind1="1" ind2="0" tag="245"><subfield code="a">HIGH FREQUENCY FERROELECTRIC PROPERTIES OF THE BiFeO3-PbTiO3-PbZrO3 TERNARY SYSTEM</subfield><subfield code="b">Dissertation</subfield><subfield code="c">Robert travis smith</subfield></datafield><datafield ind1=" " ind2=" " tag="260"><subfield code="a">Ann Arbor, Michigan</subfield><subfield code="b">University Microfilms, Inc</subfield><subfield code="c">1967</subfield></datafield><datafield ind1=" " ind2=" " tag="300"><subfield code="a">156P</subfield></datafield><datafield ind1=" " ind2=" " tag="852"><subfield code="a">32369</subfield><subfield code="c">537.226</subfield></datafield><datafield ind1=" " ind2=" " tag="CAT"><subfield code="a">Sys</subfield><subfield code="c">20110706</subfield><subfield code="h">100012</subfield></datafield></record></collection>